@article{Altarpiece:2013,
	 author = {B. Cornelis, T. Ružić, E. Gezels, A. Dooms, A. Pižurica, L. Platiša, J. Cornelis, M. Martens, M. De Mey, and I. Daubechies},
	 title = {Crack detection and inpainting for virtual restoration of paintings: The case of the Ghent Altarpiece},
	 journal = {Signal Processing},
	 volume = {93},
	 issue = {3},
	 month = {March},
	 year = {2013},
	 pages = {605--619},
	 url = {http://www.sciencedirect.com/science/article/pii/S0165168412002526}
}

@online{CannySummarized,
	 ALTauthor = {B. Green},
	 title = {Canny Edge Detection Tutorial},
	 date = {2002},
	 url = {http://dasl.mem.drexel.edu/alumni/bGreen/www.pages.drexel.edu/_weg22/can_tut.html},
	 OPTorganization = {Drexel University}
}

@inproceedings{TopHat:2010,
	 author = {G. S. Spagnolo and F. Somma},
	 title = {Virtual restoration of cracks in digitalized image of paintings},
	 booktitle = {Journal of Physics: Conference Series},
	 year = {2010},
	 url = {http://iopscience.iop.org/1742-6596/249/1/012059/pdf/1742-6596_249_1_012059.pdf}
}

@article{Canny:1986,
	 author = {J. Canny},
	 title = {A computational approach to edge detection},
	 journal = {Pattern Analysis and Machine Intelligence, IEEE Transactions on},
	 volume = {8},
	 issue = {6},
	 month = {November},
	 year = {1986},
	 pages = {679--698},
	 url = {http://ieeexplore.ieee.org.ezproxy.morris.umn.edu/stamp/stamp.jsp?tp=&arnumber=4767851}
}

@online{MorphologyWikiAnonymous,
   	 title = {Morphological Image Processing},
   	 url = {https://www.cs.auckland.ac.nz/courses/compsci773s1c/lectures/ImageProcessing-html/topic4.htm},
   	 OPTorganization = {University of Auckland}
}
 
@book{MorphologyBook:2000,
 	 author = {N. Efford},
 	 title = {Digital Image Processing: A Practical Introduction Using JavaTM},
 	 year = {2000},
 	 publisher = {Pearson Education}
}

@inproceedings{Theran:2013,
	 author = {N. Karianakis and P. Maragos},
	 title = {An integrated system for digital restoration of prehistoric Theran wall paintings},
	 booktitle = {Digital Signal Processing (DSP), 2013 18th International Conference on},
	 year = {2013},
	 pages = {1--6},
	 url = {http://ieeexplore.ieee.org.ezproxy.morris.umn.edu/stamp/stamp.jsp?tp=&arnumber=6622838}
}

@online{MorphologyWiki,
   	 author = {R. Fisher, S. Perkins, A. Walker, and E. Wolfart},
   	 title = {Morphology},
   	 date = {2003},
   	 url = {http://homepages.inf.ed.ac.uk/rbf/HIPR2/morops.htm}
}

@article{MorphologyPaper:1987,
	 author = {R. M. Haralick, S. R. Sternberg, and X. Zhuang},
	 title = {Image analysis using mathematical morphology},
	 journal = {Pattern Analysis and Machine Intelligence, IEEE Transactions on},
	 volume = {9},
	 issue = {4},
	 month = {July},
	 year = {1987},
	 pages = {532--550},
	 url = {http://ieeexplore.ieee.org/stamp/stamp.jsp?tp=&arnumber=4767941}
}

@inproceedings{Statistics:2013,
	 author = {S. D. Desai, K. V. Horadi, P. Navaneet, B. Niriksha, and V. Siddeshvar},
	 title = {Detection and removal of cracks from digitalized paintings and images by user intervention},
	 booktitle = {Advanced Computing, Networking and Security (ADCONS), 2013 2nd International Conference on},
	 year = {2013},
	 pages = {51--55},
	 url = {http://ieeexplore.ieee.org/stamp/stamp.jsp?tp=&arnumber=6714137}
}
 
 %%%%%%%%%%%%%%%%%%%%%%
 % ARTICLES I DEFINITELY WON'T USE %
 %%%%%%%%%%%%%%%%%%%%%%